@MISC{greenwood,
	author = {Greenwood, Robert E and Miller, J J},
	title = {Zeros of the Hermite Polynomials and Weights for Gauss' Mechanical Quadrature Formula},
	year = {1948},
	note = {[Online; accessed Feb 26, 2018]},
	url = {https://projecteuclid.org/download/pdf_1/euclid.bams/1183512220}
}