@book{hjorth,
  title={Computational Physics},
  author={Hjorth-Jensen, M.},
  year={2012},
}

@MISC{schmidt,
	author = {Schmidt, H},
	title = {IEEE-754 Floating Point Converter},
	year = {2015},
	note = {[Online; accessed Feb 07, 2018]},
	url = {https://www.h-schmidt.net/FloatConverter/IEEE754.html}
}

@MISC{weissteinH,
	author = {Weisstein, Eric W.},
	title = {Hermite Polynomial},
	year = {2002},
	note = {[Online; accessed Feb 07, 2018]},
	url = {http://mathworld.wolfram.com/HermitePolynomial.html}
}

@MISC{weissteinP,
	author = {Weisstein, Eric W.},
	title = {Legendre Polynomial},
	year = {2002},
	note = {[Online; accessed Feb 07, 2018]},
	url = {http://mathworld.wolfram.com/LegendrePolynomial.html}
}